@article{ascon,
	title={Ascon v1.2: Lightweight Authenticated Encryption and Hashing.},
	author={Dobraunig C. and Eichlseder M. and Mendel F. and Schläffer M.},
	journal={Journal of Cryptology},
	volume={34},
	pages={33},
	year={2021},
	url="https://doi.org/10.1007/s00145-021-09398-9",
}

@article{norme,
	title = {Ascon-Based Lightweight Cryptography Standards for Constrained Devices: Authenticated Encryption, Hash, and Extendable Output Functions},
	author={Sönmez Turan M. and McKay K. and Chang D. and Kang J. and Kelsey J.},
	journal={NIST Special Publication 800, NIST SP 800-232 ipd},
	year = {2024},
	url="https://nvlpubs.nist.gov/nistpubs/SpecialPublications/NIST.SP.800-232.ipd.pdf",
}


@article{cpa_lin,
	author = {Daemen J. and Samwel N.},
	title = {DPA on hardware implementations of Ascon and Keyak},
	date = {2017},
	url = "https://dl.acm.org/doi/pdf/10.1145/3075564.3079067",
}

@article{dl_cpa,
	author = {Ramezanpour K. and Abdulgadir A. and Diehl1 W. and Kaps J. and Ampadu P.},
	title = {Active and Passive Side-Channel
	Key Recovery Attacks on Ascon},
	date = {2020},
	url = "https://csrc.nist.gov/CSRC/media/Events/lightweight-cryptography-workshop-2020/documents/papers/active-passive-reco/very-attacks-ascon-lwc2020.pdf",
}

@inbook{cpa_aes,
	author = {Brier E. and Clavier C. and Olivier F.},
	title = {Correlation Power Analysis with a Leakage Model},
	booktitle = {Cryptographic Hardware Embedded System-CHES},
	date = {2004},
	OPTvolume = {3156},
	OPTseries = { Lecture Notes in Computer Science },
	OPTpublisher = {Springer},
	OPTlocation = {Berlin},
	OPTpages = {16-29},
	url="https://link.springer.com/chapter/10.1007/978-3-540-28632-5_2",
}

@article{cpa_analysis,
	author = {Nguyen V. S. and Grosso V. and Cayre P.},
	title = {Practical Second-Order CPA Attack on Ascon
	with Proper Selection Function},
	url = "https://cascade-conference.org/Paper/CASCADE25/final-versions/cascade2025-cycleB/cascade2025b-final31.pdf",
}

@thesis{these,
	author = {Sarry M.},
	title = {Side channel analysis against AEAD},
	type = {Computer Science [cs]},
	institution = {\'Ecole nationale supérieure Mines-Télécom Atlantique},
	date = {2024},
	OPTlanguage = {English},
	OPTnote = {NNT: 2024IMTA0420},
	url = "https://theses.hal.science/tel-04816066v1",
}

@unpublished{cours_crypto,
	author = {Le Bouder H. and Thomas G. and Alquié D.},
	title = {Théorie de la Cryptographie},
	date = {2025},
	OPTsubtitle = {Polycopié de cours},
}

@online{cwdoc,
	ALTauthor = {NewAE Technology},
	title = {ChipWhisperer documentation},
	date = {last update 2025},
	url="https://chipwhisperer.readthedocs.io/en/latest/getting-started.html",
}

@unpublished{cours,
	author = {Le Bouder H. and Lashermes R.},
	title = {Introduction aux Attaques physiques de
	systèmes électroniques},
	date = {2024},
	OPTsubtitle = {Notes de cours},
}

@article{aes,
	author = {Dworkin M. and Barker E. and Nechvatal J. and Foti J. and Bassham L. and Roback E. and Dray J. Jr.},
	title = {Advanced Encryption Standard (AES)},
	journaltitle = {Federal Inf. Process. Stds. (NIST FIPS)},
	date = {2001},
	OPTnumber = {197},
	OPTdoi = {https://doi.org/10.6028/NIST.FIPS.197},
	url = "https://www.nist.gov/publications/advanced-encryption-standard-aes",
}

@inbook{bp_aes,
	author = {Veyrat-Charvillon N. and Gérard B. and Standaert F.},
	title = {Soft Analytical Side-Channel Attacks},
	booktitle = {Advances in Cryptology},
	date = {2014},
	OPTvolume = {8873}},
	OPTseries = {Lecture Notes in Computer Science},
	OPTpublisher = {Springer},
	OPTlocation = {Berlin},
	OPTpages = {282-296},
	url="https://link.springer.com/chapter/10.1007/978-3-662-45611-8_15",
}